@article{add:BCLP22,
  author       = {Christof Beierle and
                  Claude Carlet and
                  Gregor Leander and
                  L{\'{e}}o Perrin},
  title        = {A further study of quadratic {APN} permutations in dimension nine},
  journal      = {Finite Fields Their Appl.},
  volume       = {81},
  pages        = {102049},
  year         = {2022},
  doi          = {10.1016/J.FFA.2022.102049},
}

@article{add:BeiLea22,
  author       = {Christof Beierle and
                  Gregor Leander},
  title        = {New Instances of Quadratic {APN} Functions},
  journal      = {{IEEE} Trans. Inf. Theory},
  volume       = {68},
  number       = {1},
  pages        = {670--678},
  year         = {2022},
  doi          = {10.1109/TIT.2021.3120698},
}

@article{CanChaDob00,
  author       = {Anne Canteaut and
                  Pascale Charpin and
                  Hans Dobbertin},
  title        = {Weight Divisibility of Cyclic Codes, Highly Nonlinear Functions on
                  F\({}_{\mbox{2\({}^{\mbox{\emph{m}}}\)}}\), and Crosscorrelation of
                  Maximum-Length Sequences},
  journal      = {{SIAM} J. Discret. Math.},
  volume       = {13},
  number       = {1},
  pages        = {105--138},
  year         = {2000},
  doi          = {10.1137/S0895480198350057},
}

@article{add:BCCDK22,
  author       = {Lilya Budaghyan and
                  Marco Calderini and
                  Claude Carlet and
                  Diana Davidova and
                  Nikolay S. Kaleyski},
  title        = {On Two Fundamental Problems on {APN} Power Functions},
  journal      = {{IEEE} Trans. Inf. Theory},
  volume       = {68},
  number       = {5},
  pages        = {3389--3403},
  year         = {2022},
  doi          = {10.1109/TIT.2022.3147060},
}

@article{add:KKK23,
  author       = {Lukas K{\"{o}}lsch and
                  Bj{\"{o}}rn Kriepke and
                  Gohar M. M. Kyureghyan},
  title        = {Image sets of perfectly nonlinear maps},
  journal      = {Des. Codes Cryptogr.},
  volume       = {91},
  number       = {1},
  pages        = {1--27},
  year         = {2023},
  doi          = {10.1007/S10623-022-01094-4},
}

@article{add:LLHQ21,
  author       = {Kangquan Li and
                  Chunlei Li and
                  Tor Helleseth and
                  Longjiang Qu},
  title        = {A Complete Characterization of the {APN} Property of a Class of Quadrinomials},
  journal      = {{IEEE} Trans. Inf. Theory},
  volume       = {67},
  number       = {11},
  pages        = {7535--7549},
  year         = {2021},
  doi          = {10.1109/TIT.2021.3102872},
}



@article{add:ChaLis21,
  author       = {Benjamin Chase and
                  Petr Lisonek},
  title        = {Kim-type {APN} functions are affine equivalent to {G}old functions},
  journal      = {Cryptogr. Commun.},
  volume       = {13},
  number       = {6},
  pages        = {981--993},
  year         = {2021},
  doi          = {10.1007/S12095-021-00490-2},
}


@article{add:BudIvkKal23,
  author       = {Lilya Budaghyan and
                  Ivana Ivkovic and
                  Nikolay S. Kaleyski},
  title        = {Triplicate functions},
  journal      = {Cryptogr. Commun.},
  volume       = {15},
  number       = {1},
  pages        = {35--83},
  year         = {2023},
  doi          = {10.1007/S12095-022-00587-2},
}

@inproceedings{add:BHLS17,
  author       = {Lilya Budaghyan and
                  Tor Helleseth and
                  Nian Li and
                  Bo Sun},
  editor       = {Said El Hajji and
                  Abderrahmane Nitaj and
                  El Mamoun Souidi},
  title        = {Some Results on the Known Classes of Quadratic {APN} Functions},
  booktitle    = {Codes, Cryptology and Information Security - {C2SI} 2017},
  series       = {Lecture Notes in Computer Science},  
  volume       = {10194},
  pages        = {3--16},
  publisher    = {Springer},
  year         = {2017},
  doi          = {10.1007/978-3-319-55589-8\_1},
  }


@inproceedings{add:Wang07,
  author       = {Qiang Wang},
  editor       = {Solomon W. Golomb and
                  Guang Gong and
                  Tor Helleseth and
                  Hong{-}Yeop Song},
  title        = {Cyclotomic Mapping Permutation Polynomials over Finite Fields},
  booktitle    = {Sequences, Subsequences, and Consequences - {SSC} 2007},
  series       = {Lecture Notes in Computer Science},
  volume       = {4893},
  pages        = {119--128},
  publisher    = {Springer},
  year         = {2007},
  doi          = {10.1007/978-3-540-77404-4\_11},
}




@Article{ToSC:BoeCanPer23,
  author =       "Aur\'elien Boeuf and Anne Canteaut and L\'eo Perrin",
  title =        "{Propagation of Subspaces in Primitives with Monomial Sboxes: Applications to Rescue and Variants of the AES}",
  pages =        "270--298",
  volume =       2023,
  publisher =    toscpub,
  year =         2023,
  journal =      tosc,
  number =       "S4",
  doi =          "10.46586/tosc.v2023.i4.270-298",
}

@PhdThesis{add:Dillon74,
  author = 	 {John F. Dillon},
  title = 	 {Elementary {H}adamard difference-sets},
  school = 	 {University of Maryland, USA},
  year = 	 {1974},
  OPTkey = 	 {},
  OPTtype = 	 {},
  OPTaddress = 	 {},
  OPTmonth = 	 {},
  OPTnote = 	 {},
  OPTannote = 	 {}
}

@inproceedings{add:BonPerTia19final,
  title={Anomalies and Vector Space Search: Tools for {S}-Box Analysis},
  author = {Xavier Bonnetain and L\'eo Perrin and Shizhu Tian},
  booktitle="Advances in Cryptology -- {ASIACRYPT} 2019",
  publisher="Springer International Publishing",
  address="Cham",
  editors={Steven Galbraith and Shiho Moriai},
  year={2019}
}



@misc{add:BonPerTia19,
    author = {Xavier Bonnetain and L\'eo Perrin and Shizhu Tian},
    title = {Anomalies and Vector Space Search: Tools for {S}-Box Analysis (FullVersion)},
    howpublished = {Cryptology ePrint Archive, Report 2019/528},
    year = {2019},
    note = {\url{https://eprint.iacr.org/2019/528}},
}



@misc{add:BELT,
    title = {{``Information technologies. Data protection. Cryptographic algorithms for encryption and integrity control.''}},
    author = {{Belarusian State University, National Research Center for Applied Problems of Mathematics and Informatics}},
    howpublished = {State Standard of Republic of Belarus (STB 34.101.31-2011)},
    year = {2011},
    note = {\url{http://apmi.bsu.by/assets/files/std/belt-spec27.pdf}},
}


@article{add:BloCanCha11,
  title={Differential properties of $x \mapsto x^{2^t-1}$},
  author={Blondeau, C{\'e}line and Canteaut, Anne and Charpin, Pascale},
  journal={IEEE Transactions on Information Theory},
  volume={57},
  number={12},
  pages={8127--8137},
  year={2011},
  publisher={IEEE}
}

@article{add:BouCan13,
author={Christina Boura and Anne Canteaut},
journal={{IEEE} Transactions on Information Theory},
title={On the Influence of the Algebraic Degree of $F^{-1}$ on the Algebraic Degree of $G \circ F$},
year={2013},
volume={59},
number={1},
pages={691-702},
doi={10.1109/TIT.2012.2214203},
ISSN={0018-9448},
month={Jan},}


@article{add:BCCL06,
  title={On Almost Perfect Nonlinear Functions Over $\mathbb{F}_2^n$},
  author={Berger, Thierry P and Canteaut, Anne and Charpin, Pascale and Laigle-Chapuy, Yann},
  journal={{IEEE} Transactions on Information Theory},
  volume={52},
  number={9},
  pages={4160--4170},
  year={2006},
  publisher={{IEEE}}
}



@inproceedings{add:BouPerTia19,
  title={Boomerang Uniformity of Popular {S}-box Constructions},
  author={Christina Boura and L\'eo Perrin and Shizhu Tian},
  booktitle={WCC 2019: The Eleventh International Workshop on Coding and Cryptography},
  editors={Pierre Loidreau and Anne Canteaut and Felics Ulmer},
  year={2019}
}

@Article{add:BDKM09,
  author = 	 {K. A. Browning and J.F. Dillon and R.E. Kibler and M. T. McQuistan},
  title = 	 {{APN Polynomials and Related Codes}},
  journal = 	 {J. of Combinatorics, Information and System Sciences},
  year = 	 {2009},
  OPTkey = 	 {},
  volume =	 {34},
  number =	 {1-4},
  pages =	 {135-159},
  OPTmonth = 	 {},
  OPTnote = 	 {},
  OPTannote = 	 {}
}

@inproceedings{add:BDMW10,
  title={An {APN} Permutation in Dimension Six},
  author={K. A. Browning and J.F. Dillon and M. T. McQuistan and A. J. Wolfe},
  booktitle={Post-proceedings of the 9-th International Conference on Finite Fields and Their Applications},
  volume={518},
  pages={33--42},
  year={2010},
  publisher={American Mathematical Society}
}

@article{add:BBMGN11,
author="Bracken, Carl and Byrne, Eimear and McGuire, Gary and Nebe, Gabriele",
title="On the equivalence of quadratic {APN} functions",
journal="Designs, Codes and Cryptography",
year="2011",
month="Dec",
day="01",
volume="61",
number="3",
pages="261--272",
issn="1573-7586",
doi="10.1007/s10623-010-9475-8",
url="https://doi.org/10.1007/s10623-010-9475-8"
}

@article{add:BriLea08,
author="Brinkmann, Marcus and Leander, Gregor",
title="On the classification of {APN} functions up to dimension five",
journal="Designs, Codes and Cryptography",
year="2008",
month="Dec",
day="01",
volume="49",
number="1",
pages="273--288",
issn="1573-7586",
doi="10.1007/s10623-008-9194-6",
url="https://doi.org/10.1007/s10623-008-9194-6"
}

@article{add:BudCar08,
  title={Classes of quadratic {APN} trinomials and hexanomials and related structures},
  author={Budaghyan, Lilya and Carlet, Claude},
  journal={{IEEE} Transactions on Information Theory},
  volume={54},
  number={5},
  pages={2354--2357},
  year={2008},
  publisher={IEEE}
}

@inproceedings{add:BudCar10,
  title={{CCZ}-equivalence of single and multi output Boolean functions},
  author={Budaghyan, Lilya and Carlet, Claude},
  booktitle={Post-proceedings of the 9-th International Conference on Finite Fields and Their Applications},
  volume={518},
  pages={43--54},
  year={2010},
  publisher={American Mathematical Society}
}

@article{add:BudCar11,
author="Budaghyan, Lilya and Carlet, Claude",
title="{CCZ}-equivalence of bent vectorial functions and related constructions",
journal="Designs, Codes and Cryptography",
year=2011,
month="Apr",
day=01,
volume=59,
number=1,
pages="69--87",
issn="1573-7586",
doi="10.1007/s10623-010-9466-9",
url="https://doi.org/10.1007/s10623-010-9466-9"
}

@article{add:BudCarPot06,
  title={New classes of almost bent and almost perfect nonlinear polynomials},
  author={Budaghyan, Lilya and Carlet, Claude and Pott, Alexander},
  journal={{IEEE} Transactions on Information Theory},
  volume=52,
  number=3,
  pages={1141--1152},
  year=2006,
  publisher={{IEEE}}
}

@InProceedings{add:BudKaz12,
author="Budaghyan, Lilya
and Kazymyrov, Oleksandr",
editor="{\"O}zbudak, Ferruh
and Rodr{\'i}guez-Henr{\'i}quez, Francisco",
title="Verification of Restricted EA-Equivalence for Vectorial Boolean Functions",
booktitle="Arithmetic of Finite Fields",
year="2012",
publisher="Springer Berlin Heidelberg",
address="Berlin, Heidelberg",
pages="108--118",
isbn="978-3-642-31662-3"
}


@article{add:BloNyb15,
title = "Perfect nonlinear functions and cryptography",
journal = "Finite Fields and Their Applications",
volume = "32",
pages = "120--147",
year = "2015",
note = "Special Issue : Second Decade of {FFA}",
issn = "1071-5797",
doi = "https://doi.org/10.1016/j.ffa.2014.10.007",
author = "C\'eline Blondeau and Kaisa Nyberg",
}

@article{add:CarChaZin98,
  title={Codes, bent functions and permutations suitable for {DES}-like cryptosystems},
  author={Carlet, Claude and Charpin, Pascale and Zinoviev, Victor},
  journal={Designs, Codes and Cryptography},
  volume={15},
  number={2},
  pages={125--156},
  year={1998},
  publisher={Springer}
}

@article{add:CanDuvPer17,
author={A. Canteaut and S. Duval and L. Perrin},
journal={{IEEE} Transactions on Information Theory},
title={A Generalisation of {Dillon}'s {APN} Permutation With the Best Known Differential and Nonlinear Properties for All Fields of Size $2^{4k+2}$},
year={2017},
volume={63},
number={11},
pages={7575-7591},
doi={10.1109/TIT.2017.2676807},
ISSN={0018-9448},
month={Nov},
}

@article{add:CanChaDob00,
  author =	 {Canteaut, Anne and Charpin, Pascale and Dobbertin, Hans},
  title =	 {Weight divisibility of cyclic codes, highly nonlinear functions on {GF}({\({2^m}\)}) and crosscorrelation of maximum-length sequences},
  journal =	 {SIAM Journal on Discrete Mathematics},
  year =	 2000,
  volume =	 13,
  number =	 1,
  pages =	 {105--138}
}

@article{add:CDDL06,
title = "Finding nonnormal bent functions",
journal = "Discrete Applied Mathematics",
volume = "154",
number = "2",
pages = "202 - 218",
year = "2006",
note = "Coding and Cryptography",
issn = "0166-218X",
doi = "https://doi.org/10.1016/j.dam.2005.03.027",
author = "Anne Canteaut and Magnus Daum and Hans Dobbertin and Gregor Leander"
}


@article{add:CanPer18,
title = "On {CCZ}-equivalence, extended-affine equivalence, and function twisting",
journal = "{F}inite {F}ields and Their {A}pplications",
volume = "56",
pages = "209-246",
year = "2019",
issn = "1071-5797",
doi = "https://doi.org/10.1016/j.ffa.2018.11.008",
author = "Anne Canteaut and L\'{e}o Perrin",
}

@article{add:CanPerTia19,
  title={If a generalised butterfly is APN then it operates on 6 bits},
  author={Canteaut, Anne and Perrin, L{\'e}o and Tian, Shizhu},
  journal={Cryptography and Communications},
  volume={11},
  number={6},
  pages={1147--1164},
  year={2019},
  publisher={Springer}
}


@Article{add:CivBloSal18,
author="Civino, Roberto
and Blondeau, C{\'e}line
and Sala, Massimiliano",
title="Differential attacks: using alternative operations",
journal="Designs, Codes and Cryptography",
year="2018",
month="Jul",
day="12",
issn="1573-7586",
doi="10.1007/s10623-018-0516-z",
url="https://doi.org/10.1007/s10623-018-0516-z"
}


@article{add:Coppersmith94,
  title={The Data Encryption Standard ({DES}) and its strength against attacks},
  author={Coppersmith, Don},
  journal={IBM journal of research and development},
  volume={38},
  number={3},
  pages={243--250},
  year={1994},
  publisher={IBM}
}

@article{add:DaeRij07,
  title={Probability distributions of correlation and differentials in block ciphers},
  author={Daemen, Joan and Rijmen, Vincent},
  journal={Journal of Mathematical Cryptology},
  volume={1},
  number={3},
  pages={221--242},
  year={2007}
}

@article{DBLP:journals/corr/abs-1901-10999,
  author    = {Kangquan Li and
               Longjiang Qu and
               Bing Sun and
               Chao Li},
  title     = {New Results about the Boomerang Uniformity of Permutation Polynomials},
  journal   = {CoRR},
  volume    = {abs/1901.10999},
  year      = {2019},
  url       = {http://arxiv.org/abs/1901.10999},
  archivePrefix = {arXiv},
  eprint    = {1901.10999},
  timestamp = {Tue, 05 Mar 2019 00:00:00 +0100},
  biburl    = {https://dblp.org/rec/bib/journals/corr/abs-1901-10999},
  bibsource = {dblp computer science bibliography, https://dblp.org}
}

@article{add:EdePot09,
  title={A new almost perfect nonlinear function which is not quadratic.},
  author={Edel, Daniel and Pott, Alexander},
  journal={Advances in Mathematics of Communications},
  volume={3},
  number={1},
  pages={59--81},
  year={2009}
}

@article{add:FIPS99,
  title={{Data Encryption Standard}},
  author={{U.S. Department Of Commerce/National Institute of Standards and Technology}},
  journal={Federal Information Processing Standards Publication (FIPS)},
  issue={46-3},
  year={1999},
  note={Available on the NIST website: \url{http://csrc.nist.gov/publications/fips/fips46-3/fips46-3.pdf}}
}

@Article{add:FenLiaYan09,
author="Feng, Keqin
and Liao, Qunying
and Yang, Jing",
title="Maximal values of generalized algebraic immunity",
journal="Designs, Codes and Cryptography",
year="2009",
month="Feb",
day="01",
volume="50",
number="2",
pages="243--252",
issn="1573-7586",
doi="10.1007/s10623-008-9228-0",
url="https://doi.org/10.1007/s10623-008-9228-0"
}

@InProceedings{add:HakNyb10,
author="Hakala, Risto M.
and Nyberg, Kaisa",
editor="Carlet, Claude
and Pott, Alexander",
title="On the Nonlinearity of Discrete Logarithm in $\mathbb{F}_2^n$",
booktitle="Sequences and Their Applications -- {SETA} 2010",
year="2010",
publisher="Springer Berlin Heidelberg",
address="Berlin, Heidelberg",
pages="333--345",
isbn="978-3-642-15874-2"
}



@article{add:Gologlu15,
  title={Almost perfect nonlinear trinomials and hexanomials},
  author={G{\"o}lo{\u{g}}lu, Faruk},
  journal={Finite Fields and Their Applications},
  volume={33},
  pages={258--282},
  year={2015},
  publisher={Elsevier}
}

@techreport{add:HMSWDPS76,
author = {M. Hellman and R. Merkle and R. Schroeppel and L. Washington and W. Diffie and S. Pohlig and and P. Schweitzer},
title={Results of an Initial Attempt to Cryptanalyze the {NBS Data Encryption Standard}},
institution={Stanford University, Information Systems Laboratory},
year=1976,
note={Available at \url{https://ee.stanford.edu/~hellman/resources/1976_sel_des_report.pdf}}
}

@misc{add:ISO18,
title="A {M}emo on {K}uznyechik {S}-{B}ox",
year=2018,
month="September",
author={Vasily Shishkin and Grigory Marshalko},
howpublished={{ISO/IEC JTC 1/SC 27/WG 2 Officer's Contribution N1804}, \url{https://cdn.virgilsecurity.com/assets/docs/memo-on-kuznyechik-s-box.pdf}}
}

@misc{add:ISO19,
title="Meeting Report for the Discussion on {K}uznyechik and {S}treebog",
year=2019,
month="April",
author={Hirotaka Yoshida and Jonathan Hammell},
howpublished={{ISO/IEC JTC 1/SC 27/WG 2 Meeting Report N2016}, \url{https://cdn.virgilsecurity.com/assets/docs/meeting-report-for-the-discussion-on-kuznyechik-and-streebog.pdf}}
}

@misc{add:Kuznyechik,
year=2015,
author="{Federal Agency on Technical Regulation and Metrology}",
title="Information Technology -- Data Security: Block ciphers",
howpublished={English version available at \url{http://wwwold.tc26.ru/en/standard/gost/GOST_R_34_12_2015_ENG.pdf}}
}

@book{add:LidNie97,
  title={Finite fields},
  author={Lidl, Rudolf and Niederreiter, Harald},
  series={Encyclopedia of Mathematics and its Applications},
  volume=20,
  year=1997,
  publisher={Cambridge University Press}
}

@inbook{add:Lupanov73,
author="Lupanov, O. B.",
title="On Networks Consisting of Functional Elements with Delays",
bookTitle="Systems Theory Research: Problemy Kibernetiki",
year="1973",
publisher="Springer US",
address="New York, NY",
pages="43--83",
isbn="978-1-4757-0079-4",
url="https://doi.org/10.1007/978-1-4757-0079-4_3"
}

@book{add:MacSlo77,
  title={The theory of error-correcting codes},
  author={MacWilliams, Florence Jessie and Sloane, Neil James Alexander},
  year={1977},
  publisher={North-Holland Publishing Company}
}

@misc{EPRINT:MesTiaXio19,
    author = {Sihem Mesnager and Chunming Tang and  Maosheng Xiong},
    title = {On the boomerang uniformity of quadratic permutations over $\mathbb{F}_{2^n}$},
    howpublished = {Cryptology ePrint Archive, Report 2019/277},
    year = {2019},
    note = {\url{https://eprint.iacr.org/2019/277}},
}

@misc{add:NIST97,
  title={{Skipjack} and {KEA} Algorithms Specifications, v2.0},
  year={1998},
  author={{U.S. Department Of Commerce/National Institute of Standards and Technology}},
  url={http://csrc.nist.gov/groups/ST/toolkit/documents/skipjack/skipjack.pdf},
}


@phdthesis{add:Perrin17,
  title={Cryptanalysis, Reverse-Engineering and Design of Symmetric Cryptographic Algorithms},
  author={Perrin, L{\'e}o},
  year={2017},
  school={University of Luxembourg, Belval, Luxembourg}
}

@misc{add:PerWei18,
 author={L\'eo Perrin and Friedrich Wiemer},
 title={{S}-{B}oxes used in cryptographic schemes},
 year=2017,
 howpublished={Available online at \url{https://git.sagemath.org/sage.git/tree/src/sage/crypto/sboxes.py}}
}

@techreport{add:RFC6986,
  author = {V. Dolmatov and A. Degtyarev},
  title = {GOST R 34.11-2012: Hash Function},
  howpublished = {Internet Requests for Comments},
  type = {RFC},
  number = {6986},
  year = {2013},
  month = {August},
  issn = {2070-1721},
  publisher = {RFC Editor},
  institution = {RFC Editor},
}

@techreport{add:RFC7801,
  author = {V. Dolmatov},
  title = {GOST R 34.12-2015: Block Cipher ``Kuznyechik''},
  howpublished = {Internet Requests for Comments},
  type = {RFC},
  number = {7801},
  year = {2016},
  month = {March},
  issn = {2070-1721},
  publisher = {RFC Editor},
  institution = {RFC Editor},
}

@misc{add:Saarinen14,
  title={The {STRIBOBr1} authenticated encryption algorithm},
  author={Saarinen, Markku-Juhani O},
  year={2014},
  howpublished={Candidate of the 1st round of the {CAESAR} competition, available online at \url{https://competitions.cr.yp.to/round1/stribobr1.pdf}}
}

@manual{add:sage,
  Key          = {SageMath},
  Author       = {The Sage Developers},
  Title        = {{S}ageMath, the {S}age {M}athematics {S}oftware {S}ystem ({V}ersion 7.5.1)},
  note         = {\texttt{http://www.sagemath.org}},
  Year         = {2017},
}

@Article{add:Sch13,
author="Schulte-Geers, Ernst",
title="On {CCZ}-equivalence of addition mod $2^n$",
journal="Designs, Codes and Cryptography",
year="2013",
month="Jan",
day="01",
volume="66",
number="1",
pages="111--127",
issn="1573-7586",
doi="10.1007/s10623-012-9668-4",
url="https://doi.org/10.1007/s10623-012-9668-4"
}


@misc{add:Skipjack,
title={Escrowed Encryption Standard},
author={{NIST}},
year=1994,
howpublished={Federal Information Processing Standard (FIPS) 185, now deprecated, available online at \url{https://csrc.nist.gov/CSRC/media/Publications/fips/185/archive/1994-02-09/documents/fips185.pdf}.}
}


@inproceedings{add:SB05,
  author    = {Markku{-}Juhani O. Saarinen and
               Billy Bob Brumley},
  editor    = {Sonja Buchegger and
               Mads Dam},
  title     = {WHIRLBOB, the Whirlpool Based Variant of {STRIBOB}},
  booktitle = {Secure {IT} Systems, 20th Nordic Conference, NordSec},
  series    = {Lecture Notes in Computer Science},
  volume    = {9417},
  pages     = {106--122},
  publisher = {Springer},
  year      = {2015},
}


@misc{add:Schejbal13,
title={Reverse engineering of CHIASMUS from GSTOOL},
year={2013},
author={Schejbal, Jan and Tews, Erik and W\"alde, Julian},
howpublished={Presentation at the Chaos Computer Club (CCC).}
}

@misc{add:Schuster14,
title={Reverse engineering of CHIASMUS from GSTOOL},
year={2014},
month={January},
author={Felix Schuster},
howpublished={Presentation at the HGI-Kolloquium. Slides available at \url{https://prezi.com/ehrz4krw2z0d/hgi-chm/}},
}

@misc{add:SDLM+14,
author={Vasily Shishkin and Denis Dygin and Ivan Lavrikov and Grigory Marshalko and Vladimir Rudskoy and Dmitry Trifonov},
year={2014},
title={Low-Weight and Hi-End: Draft Russian Encryption Standard},
howpublished={\url{https://mjos.fi/doc/rus/gh_ctcrypt.pdf}},
note={Invited presentation at CTCrypt'14. The slides are available at \url{https://mjos.fi/doc/rus/gh_ctcrypt.pdf}}
}

@article{add:Shannon49,
author={C. E. {Shannon}},
journal={The Bell System Technical Journal},
title={The synthesis of two-terminal switching circuits},
year={1949},
volume={28},
number={1},
pages={59-98},
keywords={},
doi={10.1002/j.1538-7305.1949.tb03624.x},
ISSN={0005-8580},
month={Jan},
}


@misc{add:Shishkin13,
author={Vassilij Shishkin},
year=2013,
month={March},
title={\foreignlanguage{russian}{Принципы синтеза перспективного алгоритма блочного шифрования с длиной блока 128 бит} [Design principles of the perspective block encryption algorithm with a block length of 128 bits]},
howpublished={Presentation at RusCrypto'13, available online at \url{https://www.ruscrypto.ru/resource/archive/rc2013/files/03_shishkin.pdf} (in Russian)}
}

@misc{add:Streebog,
year=2012,
author="{Federal Agency on Technical Regulation and Metrology}",
title="Information Technology -- Data Security: Hash function",
howpublished={English version available at \url{http://wwwold.tc26.ru/en/standard/gost/GOST_R_34_11-2012_eng.pdf}}
}

@article{add:Yoshiara17,
author="Yoshiara, Satoshi",
title="Equivalences among plateaued {APN} functions",
journal="Designs, Codes and Cryptography",
year="2017",
month="Nov",
day="01",
volume="85",
number="2",
pages="205--217",
issn="1573-7586",
doi="10.1007/s10623-016-0298-0",
url="https://doi.org/10.1007/s10623-016-0298-0"
}

@article{add:YuWanLi14,
author="Yu, Yuyin and Wang, Mingsheng and Li, Yongqiang",
title="A matrix approach for constructing quadratic APN functions",
journal="Designs, Codes and Cryptography",
year="2014",
month="Nov",
day="01",
volume="73",
number="2",
pages="587--600",
issn="1573-7586",
doi="10.1007/s10623-014-9955-3",
url="https://doi.org/10.1007/s10623-014-9955-3"
}


@misc{add:ISO-C,
 author= "{ISO/IEC 9899:2011}",
 title = "Programming languages — {C}",
 year = 2011,
 howpublished = "Available at \url{http://www.open-std.org/jtc1/sc22/wg14/www/docs/n1570.pdf}"
}

@article{add:CheCou23,
  author       = {Li{-}An Chen and
                  Robert S. Coulter},
  title        = {Bounds on the differential uniformity of the {Wan-Lidl} polynomials},
  journal      = {Cryptogr. Commun.},
  volume       = {15},
  number       = {6},
  pages        = {1069--1085},
  year         = {2023},
  doi          = {10.1007/S12095-023-00634-6},
}

@Article{add:BorWan22,
author = {Bors , Alexander and Wang , Qiang},
title = {Generalized Cyclotomic Mappings: Switching Between Polynomial, Cyclotomic, and Wreath Product Form},
journal = {Communications in Mathematical Research },
year = {2022},
volume = {38},
number = {2},
pages = {246--318},
doi = {https://doi.org/10.4208/cmr.2021-0029},
}

@Article{add:WanLid91,
  author = 	 {Daqing Wan and Rudolf Lidl},
  title = 	 {Permutation polynomials of the form $x^r f (x^{(q-1)/d})$ and their group structure},
  journal = 	 {Monatshefte f{\"u}r Mathematik},
  year={1991},
  volume={112},
  pages={149-163},
}


@article{add:Wan17,
author = {Qiang Wang},
title = {A note on inverses of cyclotomic mapping permutation polynomials over finite fields},
journal = {Finite Fields and Their Applications},
volume = {45},
pages = {422-427},
year = {2017},
doi = {https://doi.org/10.1016/j.ffa.2017.01.006},
}



@article{add:LaigleChapuy07,
  author       = {Yann Laigle{-}Chapuy},
  title        = {Permutation polynomials and applications to coding theory},
  journal      = {Finite Fields and Their Applications},
  volume       = {13},
  number       = {1},
  pages        = {58--70},
  year         = {2007},
  doi          = {10.1016/J.FFA.2005.08.003},
}

@misc{add:BorPanWan23,
    author = {Alexander Bors and Daniel Panario and Qiang Wang},
    title = {Functional graphs of generalized cyclotomic mappings of finite fields},
    howpublished = {arXiv 1108.1873},
    year = {2023},
    doi = {10.48550/arXiv.2304.00181},
}

@InProceedings{add:Carlet15,
	author={Claude Carlet},
	editor={Ko{\c{c}}, {\c{C}}etin Kaya
	and Mesnager, Sihem
	and Sava{\c{s}}, Erkay},
	title={Open Questions on Nonlinearity and on {APN} Functions},
	booktitle={Arithmetic of Finite Fields},
	year={2015},
	publisher={Springer International Publishing},
	address={Cham},
	pages={83--107},
	isbn={978-3-319-16277-5}
}

@article{COMP:BIK23,
	title={Triplicate functions},
	author={Budaghyan, Lilya and Ivkovic, Ivana and Kaleyski, Nikolay},
	journal={Cryptography and Communications},
	volume={15},
	number={1},
	pages={35--83},
	year={2023},
	publisher={Springer}
}

@inproceedings{JMN23,
  author       = {Thomas Johansson and
                  Willi Meier and
                  Vu Nguyen},
  title        = {Differential cryptanalysis of Mod-2/Mod-3 constructions of binary
                  weak PRFs},
  booktitle    = {{IEEE} International Symposium on Information Theory, {ISIT} 2023,
                  Taipei, Taiwan, June 25-30, 2023},
  pages        = {477--482},
  publisher    = {{IEEE}},
  year         = {2023},
  url          = {https://doi.org/10.1109/ISIT54713.2023.10206853},
  doi          = {10.1109/ISIT54713.2023.10206853},
  timestamp    = {Sun, 06 Oct 2024 21:09:27 +0200},
  biburl       = {https://dblp.org/rec/conf/isit/JohanssonMN23.bib},
  bibsource    = {dblp computer science bibliography, https://dblp.org}
}

@article{DBLP:journals/eccc/ECCC-TR00-090,
  author       = {Oded Goldreich},
  title        = {Candidate One-Way Functions Based on Expander Graphs},
  journal      = {Electron. Colloquium Comput. Complex.},
  volume       = {{TR00-090}},
  year         = {2000},
  url          = {https://eccc.weizmann.ac.il/eccc-reports/2000/TR00-090/index.html},
  eprinttype    = {ECCC},
  eprint       = {TR00-090},
  timestamp    = {Wed, 28 Sep 2022 15:27:24 +0200},
  biburl       = {https://dblp.org/rec/journals/eccc/ECCC-TR00-090.bib},
  bibsource    = {dblp computer science bibliography, https://dblp.org}
}

@article{DBLP:journals/dcc/DupinMR23,
  author       = {Aur{\'{e}}lien Dupin and
                  Pierrick M{\'{e}}aux and
                  M{\'{e}}lissa Rossi},
  title        = {On the algebraic immunity - resiliency trade-off, implications for
                  {Goldreich}'s pseudorandom generator},
  journal      = {Des. Codes Cryptogr.},
  volume       = {91},
  number       = {9},
  pages        = {3035--3079},
  year         = {2023},
  url          = {https://doi.org/10.1007/s10623-023-01220-w},
  doi          = {10.1007/S10623-023-01220-W},
  timestamp    = {Thu, 14 Sep 2023 20:26:28 +0200},
  biburl       = {https://dblp.org/rec/journals/dcc/DupinMR23.bib},
  bibsource    = {dblp computer science bibliography, https://dblp.org}
}

@article{DBLP:journals/tit/YangGJL22,
  author       = {Jing Yang and
                  Qian Guo and
                  Thomas Johansson and
                  Michael Lentmaier},
  title        = {Revisiting the Concrete Security of {Goldreich}'s Pseudorandom Generator},
  journal      = {{IEEE} Trans. Inf. Theory},
  volume       = {68},
  number       = {2},
  pages        = {1329--1354},
  year         = {2022},
  url          = {https://doi.org/10.1109/TIT.2021.3128315},
  doi          = {10.1109/TIT.2021.3128315},
  timestamp    = {Sun, 12 Nov 2023 02:17:35 +0100},
  biburl       = {https://dblp.org/rec/journals/tit/YangGJL22.bib},
  bibsource    = {dblp computer science bibliography, https://dblp.org}
}

@article{DBLP:journals/dam/Meaux22,
  author       = {Pierrick M{\'{e}}aux},
  title        = {On the algebraic immunity of direct sum constructions},
  journal      = {Discret. Appl. Math.},
  volume       = {320},
  pages        = {223--234},
  year         = {2022},
  url          = {https://doi.org/10.1016/j.dam.2022.05.021},
  doi          = {10.1016/J.DAM.2022.05.021},
  timestamp    = {Thu, 22 Sep 2022 19:58:34 +0200},
  biburl       = {https://dblp.org/rec/journals/dam/Meaux22.bib},
  bibsource    = {dblp computer science bibliography, https://dblp.org}
}

@article{DBLP:journals/ccds/Meaux21,
  author       = {Pierrick M{\'{e}}aux},
  title        = {On the fast algebraic immunity of threshold functions},
  journal      = {Cryptogr. Commun.},
  volume       = {13},
  number       = {5},
  pages        = {741--762},
  year         = {2021},
  url          = {https://doi.org/10.1007/s12095-021-00505-y},
  doi          = {10.1007/S12095-021-00505-Y},
  timestamp    = {Sun, 02 Oct 2022 15:29:45 +0200},
  biburl       = {https://dblp.org/rec/journals/ccds/Meaux21.bib},
  bibsource    = {dblp computer science bibliography, https://dblp.org}
}

@inproceedings{DBLP:conf/focs/ApplebaumK19,
  author       = {Benny Applebaum and
                  Eliran Kachlon},
  editor       = {David Zuckerman},
  title        = {Sampling Graphs without Forbidden Subgraphs and Unbalanced Expanders
                  with Negligible Error},
  booktitle    = {60th {IEEE} Annual Symposium on Foundations of Computer Science, {FOCS}
                  2019, Baltimore, Maryland, USA, November 9-12, 2019},
  pages        = {171--179},
  publisher    = {{IEEE} Computer Society},
  year         = {2019},
  url          = {https://doi.org/10.1109/FOCS.2019.00020},
  doi          = {10.1109/FOCS.2019.00020},
  timestamp    = {Tue, 07 Jan 2020 13:31:39 +0100},
  biburl       = {https://dblp.org/rec/conf/focs/ApplebaumK19.bib},
  bibsource    = {dblp computer science bibliography, https://dblp.org}
}

@article{DBLP:journals/cc/OliveiraST22,
  author       = {Igor C. Oliveira and
                  Rahul Santhanam and
                  Roei Tell},
  title        = {Expander-Based Cryptography Meets Natural Proofs},
  journal      = {Comput. Complex.},
  volume       = {31},
  number       = {1},
  pages        = {4},
  year         = {2022},
  url          = {https://doi.org/10.1007/s00037-022-00220-x},
  doi          = {10.1007/S00037-022-00220-X},
  timestamp    = {Mon, 28 Aug 2023 21:43:29 +0200},
  biburl       = {https://dblp.org/rec/journals/cc/OliveiraST22.bib},
  bibsource    = {dblp computer science bibliography, https://dblp.org}
}

@inproceedings{DBLP:conf/coco/ODonnellW14,
  author       = {Ryan O'Donnell and
                  David Witmer},
  title        = {Goldreich's {PRG:} Evidence for Near-Optimal Polynomial Stretch},
  booktitle    = {{IEEE} 29th Conference on Computational Complexity, {CCC} 2014, Vancouver,
                  BC, Canada, June 11-13, 2014},
  pages        = {1--12},
  publisher    = {{IEEE} Computer Society},
  year         = {2014},
  url          = {https://doi.org/10.1109/CCC.2014.9},
  doi          = {10.1109/CCC.2014.9},
  timestamp    = {Fri, 24 Mar 2023 00:04:21 +0100},
  biburl       = {https://dblp.org/rec/conf/coco/ODonnellW14.bib},
  bibsource    = {dblp computer science bibliography, https://dblp.org}
}

@inproceedings{DBLP:conf/csr/ItsyksonS11,
  author       = {Dmitry Itsykson and
                  Dmitry Sokolov},
  editor       = {Alexander S. Kulikov and
                  Nikolay K. Vereshchagin},
  title        = {The Complexity of Inversion of Explicit {Goldreich}'s Function by {DPLL}
                  Algorithms},
  booktitle    = {Computer Science - Theory and Applications - 6th International Computer
                  Science Symposium in Russia, {CSR} 2011, St. Petersburg, Russia, June
                  14-18, 2011. Proceedings},
  series       = {Lecture Notes in Computer Science},
  volume       = {6651},
  pages        = {134--147},
  publisher    = {Springer},
  year         = {2011},
  url          = {https://doi.org/10.1007/978-3-642-20712-9\_11},
  doi          = {10.1007/978-3-642-20712-9\_11},
  timestamp    = {Sun, 25 Oct 2020 23:02:26 +0100},
  biburl       = {https://dblp.org/rec/conf/csr/ItsyksonS11.bib},
  bibsource    = {dblp computer science bibliography, https://dblp.org}
}

@article{DBLP:journals/mst/Itsykson14,
  author       = {Dmitry Itsykson},
  title        = {Lower Bound on Average-Case Complexity of Inversion of {Goldreich}'s
                  Function by Drunken Backtracking Algorithms},
  journal      = {Theory Comput. Syst.},
  volume       = {54},
  number       = {2},
  pages        = {261--276},
  year         = {2014},
  url          = {https://doi.org/10.1007/s00224-013-9514-8},
  doi          = {10.1007/S00224-013-9514-8},
  timestamp    = {Sun, 28 May 2017 13:18:24 +0200},
  biburl       = {https://dblp.org/rec/journals/mst/Itsykson14.bib},
  bibsource    = {dblp computer science bibliography, https://dblp.org}
}

@inproceedings{DBLP:conf/approx/BogdanovQ09,
  author       = {Andrej Bogdanov and
                  Youming Qiao},
  editor       = {Irit Dinur and
                  Klaus Jansen and
                  Joseph Naor and
                  Jos{\'{e}} D. P. Rolim},
  title        = {On the Security of {Goldreich}'s One-Way Function},
  booktitle    = {Approximation, Randomization, and Combinatorial Optimization. Algorithms
                  and Techniques, 12th International Workshop, {APPROX} 2009, and 13th
                  International Workshop, {RANDOM} 2009, Berkeley, CA, USA, August 21-23,
                  2009. Proceedings},
  series       = {Lecture Notes in Computer Science},
  volume       = {5687},
  pages        = {392--405},
  publisher    = {Springer},
  year         = {2009},
  url          = {https://doi.org/10.1007/978-3-642-03685-9\_30},
  doi          = {10.1007/978-3-642-03685-9\_30},
  timestamp    = {Tue, 21 Sep 2021 09:36:24 +0200},
  biburl       = {https://dblp.org/rec/conf/approx/BogdanovQ09.bib},
  bibsource    = {dblp computer science bibliography, https://dblp.org}
}

@inproceedings{DBLP:conf/mfcs/CryanM01,
  author       = {Mary Cryan and
                  Peter Bro Miltersen},
  editor       = {Jir{\'{\i}} Sgall and
                  Ales Pultr and
                  Petr Kolman},
  title        = {On Pseudorandom Generators in {NC}},
  booktitle    = {Mathematical Foundations of Computer Science 2001, 26th International
                  Symposium, {MFCS} 2001 Marianske Lazne, Czech Republic, August 27-31,
                  2001, Proceedings},
  series       = {Lecture Notes in Computer Science},
  volume       = {2136},
  pages        = {272--284},
  publisher    = {Springer},
  year         = {2001},
  url          = {https://doi.org/10.1007/3-540-44683-4\_24},
  doi          = {10.1007/3-540-44683-4\_24},
  timestamp    = {Sat, 19 Oct 2019 20:31:50 +0200},
  biburl       = {https://dblp.org/rec/conf/mfcs/CryanM01.bib},
  bibsource    = {dblp computer science bibliography, https://dblp.org}
}

